<record><leader>00000cas a2200000 a 4500</leader><controlfield tag="001">11208220</controlfield><controlfield tag="008">840928d18791942ksuwr ne      0   a0eng d</controlfield><controlfield tag="009">3789</controlfield><datafield ind1=" " ind2=" " tag="010"><subfield code="a">sn 84030147 </subfield></datafield><datafield ind1=" " ind2=" " tag="040"><subfield code="a">KSH</subfield><subfield code="b">eng</subfield><subfield code="c">KSH</subfield><subfield code="d">NPT</subfield><subfield code="d">OCL</subfield></datafield><datafield ind1=" " ind2=" " tag="042"><subfield code="a">msc</subfield></datafield><datafield ind1="0" ind2="4" tag="245"><subfield code="a">The Howard courant.</subfield></datafield><datafield ind1="0" ind2="0" tag="246"><subfield code="a">Courant</subfield></datafield><datafield ind1=" " ind2=" " tag="260"><subfield code="a">Howard, Kan. :</subfield><subfield code="b">A.B. Steinbarger,</subfield><subfield code="c">1879-1942.</subfield></datafield><datafield ind1=" " ind2=" " tag="300"><subfield code="a">63 v. :</subfield><subfield code="b">ill. ;</subfield><subfield code="c">51-69 cm.</subfield></datafield><datafield ind1=" " ind2=" " tag="310"><subfield code="a">Weekly</subfield></datafield><datafield ind1="0" ind2=" " tag="362"><subfield code="a">Vol. 9, no. 38 (Sept. 18, 1879)-v. 72, no. 4 (Jan. 22, 1942).</subfield></datafield><datafield ind1=" " ind2=" " tag="500"><subfield code="a">Published as: Courant, Jan. 1-June 24, 1880.</subfield></datafield><datafield ind1=" " ind2=" " tag="500"><subfield code="a">Publisher varies.</subfield></datafield><datafield ind1=" " ind2=" " tag="500"><subfield code="a">Republican.</subfield></datafield><datafield ind1=" " ind2=" " tag="752"><subfield code="a">United States</subfield><subfield code="b">Kansas</subfield><subfield code="c">Elk</subfield><subfield code="d">Howard.</subfield></datafield><datafield ind1="0" ind2="0" tag="780"><subfield code="t">Courant (Howard, Kan.)</subfield><subfield code="w">(DLC)sn 84029310</subfield></datafield><datafield ind1="0" ind2="5" tag="780"><subfield code="t">Elk County herald</subfield><subfield code="g">Oct. 14, 1881</subfield><subfield code="w">(DLC)sn 84030152</subfield></datafield><datafield ind1="0" ind2="7" tag="785"><subfield code="t">Citizen (Howard, Kan.)</subfield><subfield code="w">(DLC)sn 84029291</subfield></datafield><datafield ind1="0" ind2="7" tag="785"><subfield code="t">Howard courant-citizen</subfield><subfield code="w">(DLC)sn 84029309</subfield></datafield></record>